@inproceedings{beyer1999nearest,
  title={When is “nearest neighbor” meaningful?},
  author={Beyer, Kevin and Goldstein, Jonathan and Ramakrishnan, Raghu and Shaft, Uri},
  booktitle={International conference on database theory},
  pages={217--235},
  year={1999},
  organization={Springer}
}, 

@inproceedings{liu2008isolation,
  title={Isolation forest},
  author={Liu, Fei Tony and Ting, Kai Ming and Zhou, Zhi-Hua},
  booktitle={2008 Eighth IEEE International Conference on Data Mining},
  pages={413--422},
  year={2008},
  organization={IEEE}
},

@article{de2000mahalanobis,
  title={The mahalanobis distance},
  author={De Maesschalck, Roy and Jouan-Rimbaud, Delphine and Massart, D{\'e}sir{\'e} L},
  journal={Chemometrics and intelligent laboratory systems},
  volume={50},
  number={1},
  pages={1--18},
  year={2000},
  publisher={Elsevier}
},

@book{jolliffe2002principal,
  title={Principal component analysis},
  author={Jolliffe, Ian},
  year={2002},
  publisher={Wiley Online Library}
},

@article{wang1999progressive,
  title={Progressive switching median filter for the removal of impulse noise from highly corrupted images},
  author={Wang, Zhou and Zhang, David},
  journal={IEEE Transactions on Circuits and Systems II: Analog and Digital Signal Processing},
  volume={46},
  number={1},
  pages={78--80},
  year={1999},
  publisher={IEEE}
},

@article{donders2006review,
  title={Review: a gentle introduction to imputation of missing values},
  author={Donders, A Rogier T and van der Heijden, Geert JMG and Stijnen, Theo and Moons, Karel GM},
  journal={Journal of clinical epidemiology},
  volume={59},
  number={10},
  pages={1087--1091},
  year={2006},
  publisher={Elsevier}
}